@inproceedings{silver2014password,
    title={Password Managers: Attacks and Defenses},
      author={Silver, David and Jana, Suman and Chen, Eric and Jackson, Collin and Boneh, Dan},
        booktitle={23rd USENIX Security Symposium (USENIX Security '14)},
          year={2014}
}

@inproceedings{ion2015no,
    title={“... no one can hack my mind”: Comparing Expert and Non-Expert Security Practices},
      author={Ion, Iulia and Reeder, Rob and Consolvo, Sunny},
        booktitle={Eleventh Symposium on Usable Privacy and Security (SOUPS 2015)},
          pages={327--346},
            year={2015}
}

@inproceedings{li2014emperor,
    title={The emperor’s new password manager: Security analysis of web-based password managers},
      author={Li, Zhiwei and He, Warren and Akhawe, Devdatta and Song, Dawn},
        booktitle={23rd USENIX Security Symposium (USENIX Security 14)},
          pages={465--479},
            year={2014}
}

@inproceedings{das2014tangled,
    title={The Tangled Web of Password Reuse.},
      author={Das, Anupam and Bonneau, Joseph and Caesar, Matthew and Borisov, Nikita and Wang, XiaoFeng},
        booktitle={NDSS},
          volume={14},
            pages={23--26},
              year={2014}
}

@article{shamir1979share,
    title={How to share a secret},
    author={Shamir, Adi},
    journal={Communications of the ACM},
    volume={22},
    number={11},
    pages={612--613},
    year={1979},
    publisher={ACm}
}


@misc{goodin2015,
    title = {Hacking tool swipes encrypted credentials from password manager},
    author = {Goodin, D.},
    howpublished = {\href{http://arstechnica.com/security/2015/11/hacking-tool-swipes-encrypted-credentials-from-password-manager/}{http://arstechnica.com/security/2015/11/hacking-tool-swipes-encrypted-credentials-from-password-manager/}},
    note = {2015-11-2}
}

@misc{khandelwal2016,
  title={LastPass bug lets hackers steal all your passwords},
  author={Khandelwal, S.},
  howpublished={\url{http://thehackernews.com/2016/07/lastpass-password-manager.html}},
  note={2016-7-27}
}

@misc{titcomb2015,
  title={Password manager 1Password criticised for leaking users bookmarks},
  author={Titcomb, J.},
  howpublished={\url{http://www.telegraph.co.uk/technology/internet-security/11939920/Password-manager-1Password-criticised-for-leaking-users-bookmarks.html}},
  note={2015-10-19} 
}
